% Encoding: UTF8

@article{Aksoy1998,
	author = "N. Berrin Aksoy",
	title = "Teknik Çeviri",
	journal = "Hacettepe Üniversitesi Edebiyat Fakültesi Dergisi",
	year = "1998",
	volume = "15",
	number = "2",
	pages = "71-80"
}

@book{BengiÖner1999,
	author = "Işın Bengi-Öner",
	title = "Çeviri bir Süreçtir... Ya Çeviribilim?",
	publisher = "Sel Yayıncılık",
	year = "1999",
	ISBN = "9789755701011"
}

@misc{WkGrandpa12,
	author = "Wikipedia",
	title = "{I}'m {M}y {O}wn {G}randpa --- {W}ikipedia{,} The Free Encyclopedia",
	year = "2012",
	url = "http://en.wikipedia.org/wiki/I\%27m_My_Own_Grandpa",
	note = "[İnternet; erişim tarihi 24-Mayıs-2014]"
}

@misc{alipGrandpa13,
	author = "Ali Polatel",
	title = "İnsan Kendi Dedesi Olabilir!",
	year = "2013",
	url = "http://alip.github.io/tr/blog/2013/03/19/insan-kendi-dedesi-olabilir/",
	note = "[İnternet; erişim tarihi 24-Mayıs-2014]"
}

@misc{TrAmericana,
	author = "Tureng",
	url = "http://tureng.com/search/americana",
	note = "[İnternet; erişim tarihi 24-Mayıs-2014]",
	year = "2014"
}

@book{SFH09,
	title = "The Science Fiction Handbook",
	author = "K. Booker, A.M. Thomas",
	series = "Blackwell Guides to Literature",
	year = "2009",
	publisher="Wiley",
	pages = "155",
	isbn = "9781405162050"
}

@inbook{SFN59,
	author = "Robert A. Heinlein",
	title = "Science Fiction: Its Nature, Faults and Virtues",
	booktitle = "The Science Fiction Novel: Imagination and Social Criticism",
	year = "1959",
	publisher = "University of Chicago: Advent Publishers",
	pages = "22"
}

@article{schwartz71,
	author = "Scheila Schwartz",
	title = "Science Fiction: Bridge Between The Two Cultures",
	journal = "English Journal",
	year = "1971",
	volume = "60",
	number = "8",
	pages = "1043"
}

@book{PhyIMP09,
	author = "Michio Kaku",
	title = "Physics of the Impossible: A Scientific Exploration of the World of Phasers, Force Fields, Teleportation and Time Travel",
	publisher= "Penguin Adult",
	year = "2009",
	isbn = "9780141030906",
	pages = "5-6"
}

@article{XBil76,
	author = "Orhan Duru",
	title = "Bilim-Kurgu Nedir ya da Ne Değildir?",
	journal = "X-Bilinmeyen",
	year = "1976",
	volume = "1976",
	number = "9",
	pages = "139"
}

@book{SSL61,
	author = "Robert A. Heinlein",
	title = "Stranger in a Strange Land",
	publisher = "Ace Books",
	year = "1961",
	pages = "287",
	isbn = "1-4295-3731-0"
}

@book{Oxford05,
	author = "Catherine Soanes, Angus Stevenson",
	title = "Oxford Dictionary of English",
	isbn = "0198610572",
	year = "2005",
	publisher = "Oxford University Press"
}

@book{GokturkEsdeger,
	author = "Akşit Göktürk",
	title = "Çeviri: Dillerin Dili",
	year = "2010",
	isbn = "978-975-363-295-9",
	pages = "60-62,66-73,75-85"
}

@book{NewmarkTextbook,
	author = "Peter Newmark",
	title = "A Textbook of Translation",
	year = "1987",
	isbn = "0-13-912593-0",
	pages = "45,46,68,69"
}

@misc{OxfordBackronym,
	author = "{Oxford Dictionaries}",
	url = "http://www.oxforddictionaries.com/definition/english/backronym",
	note = "[İnternet; erişim tarihi 27-Mayıs-2014]",
	year = "2014"
}

@misc{WkErasmus,
	author = "Wikipedia",
	title = "Erasmus Programme --- {W}ikipedia{,} The Free Encyclopedia",
	year = "2014",
	url = "http://en.wikipedia.org/wiki/Erasmus_Programme",
	note = "[İnternet; erişim tarihi 27-Mayıs-2014]"
}

@misc{SesliBackronym,
	author = "{Sesli Sözlük}",
	year = "2014",
	url = "http://www.seslisozluk.net/?word=backronym\&lang=tr-en",
	note = "[İnternet; erişim tarihi 27-Mayıs-2014]"
}

@misc{AFE,
	author = "{Armed Forces Entertainment Factsheet}",
	year = "2014",
	url = "http://www.armedforcesentertainment.com/afemedia_factsheet.htm",
	note = "[İnternet; erişim tarihi 27-Mayıs-2014]"
}
